@BOOK{bookLabel1,
AUTHOR="Book Author1 and Author2 and Author3",
TITLE="Book Title",
PUBLISHER="Book Publisher",
YEAR="2020",
}

@book{bookParts,
author={},
title={},
publisher={},
year=,
volume=,
series=,
address={},
edition=,
month=,
isbn={}
}

@article{articleParts,
author="",
title="",
journal="",
year=,
number=,
pages={,},
month=,
volume=,
doi={}
}

@inproceedings{fuzzyNum,
author={},
title={},
year=,
month={}
}